@misc{Dictionary,
  title={Quadratic Equation Definition $\&$ Meaning},
  author={Dictionary.com},
  howpublished = {\url{ https://www.dictionary.com/browse/quadratic-equation}},
    note = {[online; accessed 25-September-2022]}
}
